<record xmlns="http://www.loc.gov/MARC21/slim" xmlns:xsi="http://www.w3.org/2001/XMLSchema-instance" xsi:schemaLocation="http://www.loc.gov/MARC21/slim http://www.loc.gov/standards/marcxml/schema/MARC21slim.xsd"><leader>02096nam a2200349   4500</leader><controlfield tag="001">001679921</controlfield><controlfield tag="003">NNU</controlfield><controlfield tag="006">m        d        </controlfield><controlfield tag="007">cr cn |||m|||a</controlfield><controlfield tag="008">150222m19541960sy      o     000 0 ara d</controlfield><datafield ind1=" " ind2=" " tag="040"><subfield code="a">NNU</subfield><subfield code="b">eng</subfield><subfield code="c">NNU</subfield></datafield><datafield ind1="1" ind2=" " tag="100"><subfield code="6">880-01</subfield><subfield code="a">Ars&#363;z&#299;, Zak&#299;,</subfield><subfield code="d">1900-1968</subfield></datafield><datafield ind1="1" ind2="0" tag="245"><subfield code="6">880-02</subfield><subfield code="a">Ba&#699;th al-ummah al-&#699;Arabi&#772;yah wa-risa&#772;latiha&#772; ila&#769; al-&#699;a&#772;lam</subfield><subfield code="h">[electronic resource] /</subfield><subfield code="c">Zaki&#772; al-Arsu&#772;zi&#772;.</subfield></datafield><datafield ind1=" " ind2=" " tag="260"><subfield code="6">880-03</subfield><subfield code="a">Su&#772;ri&#772;yah :</subfield><subfield code="b">Da&#772;r al-Yaqz&#803;ah al-&#699;Arabi&#772;yah lil-Ta&#700;li&#772;f wa-al-Tarjamah wa-al-Nashr,</subfield><subfield code="c">[1954-196-?]</subfield></datafield><datafield ind1=" " ind2=" " tag="300"><subfield code="a">online resource (4 v. in 1)</subfield></datafield><datafield ind1=" " ind2=" " tag="500"><subfield code="a">Part of the Arabic Collections Online (ACO) project, contributed by New York Univeristy Libraries.</subfield></datafield><datafield ind1="0" ind2=" " tag="505"><subfield code="6">880-04</subfield><subfield code="a">v. 1. Risa&#772;lata&#772; al-madani&#772;yah wa-al-thaqa&#772;fah -- v. 2. Risa&#772;lata&#772; al-madani&#772;yah wa-al-thaqa&#772;fah -- v. 3. Risa&#772;lata&#772; al-falsafah wa-al-akhla&#772;q -- v. 4. al-Dawlah wa-al-ummah.</subfield></datafield><datafield ind1=" " ind2=" " tag="533"><subfield code="a">Electronic reproduction.</subfield><subfield code="b">New York, N.Y. :</subfield><subfield code="c">New York University,</subfield><subfield code="d">2015.</subfield><subfield code="5">NNU</subfield></datafield><datafield ind1=" " ind2="0" tag="650"><subfield code="a">Civilization, Arab.</subfield></datafield><datafield ind1=" " ind2="0" tag="650"><subfield code="a">Arabism.</subfield></datafield><datafield ind1=" " ind2="7" tag="650"><subfield code="a">Arabism.</subfield><subfield code="2">fast</subfield><subfield code="0">(OCoLC)fst00812571</subfield></datafield><datafield ind1=" " ind2="7" tag="650"><subfield code="a">Civilization, Arab.</subfield><subfield code="2">fast</subfield><subfield code="0">(OCoLC)fst00862967</subfield></datafield><datafield ind1="2" ind2=" " tag="710"><subfield code="a">New York University.</subfield><subfield code="b">Libraries.</subfield></datafield><datafield ind1="0" ind2=" " tag="730"><subfield code="a">Arabic Collections Online.</subfield></datafield><datafield ind1="0" ind2="8" tag="776"><subfield code="i">Print version:</subfield><subfield code="a">Ars&#363;z&#299;, Zak&#299;, 1900-1968 880-01</subfield><subfield code="t">Ba&#699;th al-ummah al-&#699;Arabi&#772;yah wa-risa&#772;latiha&#772; ila&#769; al-&#699;a&#772;lam</subfield><subfield code="w">(NNU)001679921</subfield></datafield><datafield ind1="4" ind2="0" tag="856"><subfield code="u">http://hdl.handle.net/2333.1/rbnzs9bh</subfield></datafield><datafield ind1="1" ind2=" " tag="880"><subfield code="6">100-01/</subfield><subfield code="a">&#1575;&#1585;&#1587;&#1608;&#1586;&#1610;&#1548; &#1586;&#1603;&#1610;&#1548;</subfield><subfield code="d">1900-1968.</subfield></datafield><datafield ind1="1" ind2="0" tag="880"><subfield code="6">245-02/</subfield><subfield code="a">&#1576;&#1593;&#1579; &#1575;&#1604;&#1575;&#1605;&#1577; &#1575;&#1604;&#1593;&#1585;&#1576;&#1610;&#1577; &#1608;&#1585;&#1587;&#1575;&#1604;&#1578;&#1607;&#1575; &#1575;&#1604;&#1609; &#1575;&#1604;&#1593;&#1575;&#1604;&#1605; /</subfield><subfield code="c">&#1586;&#1603;&#1610; &#1575;&#1604;&#1575;&#1585;&#1587;&#1608;&#1586;&#1610;.</subfield></datafield><datafield ind1=" " ind2=" " tag="880"><subfield code="6">260-03/</subfield><subfield code="a">&#1587;&#1608;&#1585;&#1610;&#1577; :</subfield><subfield code="b">&#1583;&#1575;&#1585; &#1575;&#1604;&#1610;&#1602;&#1592;&#1577; &#1575;&#1604;&#1593;&#1585;&#1576;&#1610;&#1577; &#1604;&#1604;&#1578;&#1571;&#1604;&#1610;&#1601; &#1608;&#1575;&#1604;&#1578;&#1585;&#1580;&#1605;&#1577; &#1608;&#1575;&#1604;&#1606;&#1588;&#1585;&#1548;</subfield><subfield code="c">[1954-196-?]</subfield></datafield><datafield ind1="0" ind2=" " tag="880"><subfield code="6">505-04/</subfield><subfield code="a">&#1700;. 1. &#1585;&#1587;&#1575;&#1604;&#1578;&#1575; &#1575;&#1604;&#1605;&#1583;&#1606;&#1610;&#1577; &#1608;&#1575;&#1604;&#1579;&#1602;&#1575;&#1601;&#1577; &#1700;. 2. &#1585;&#1587;&#1575;&#1604;&#1578;&#1575; &#1575;&#1604;&#1605;&#1583;&#1606;&#1610;&#1577; &#1608;&#1575;&#1604;&#1579;&#1602;&#1575;&#1601;&#1577; &#1700;. 3. &#1585;&#1587;&#1575;&#1604;&#1578;&#1575; &#1575;&#1604;&#1601;&#1604;&#1587;&#1601;&#1577; &#1608;&#1575;&#1604;&#1575;&#1582;&#1604;&#1575;&#1602; &#1700;. 4. &#1575;&#1604;&#1583;&#1608;&#1604;&#1577; &#1608;&#1575;&#1604;&#1575;&#1605;&#1577;.</subfield></datafield><datafield ind1=" " ind2=" " tag="959"><subfield code="a">NNU</subfield><subfield code="b">WEB</subfield><subfield code="c">GENI</subfield><subfield code="t">0</subfield><subfield code="m">Electronic access</subfield><subfield code="s">01</subfield></datafield><datafield ind1=" " ind2=" " tag="999"><subfield code="i">NNU_001679921</subfield><subfield code="s">nyu_aco000273</subfield></datafield></record>